@article{regretstat,
	author       = {Peter Auer and
	Nicol{\`{o}} Cesa{-}Bianchi and
	Paul Fischer},
	title        = {Finite-time Analysis of the Multiarmed Bandit Problem},
	journal      = {Mach. Learn.},
	volume       = {47},
	number       = {2-3},
	pages        = {235--256},
	year         = {2002},
	url          = {https://doi.org/10.1023/A:1013689704352},
	doi          = {10.1023/A:1013689704352},
	timestamp    = {Mon, 02 Mar 2020 16:28:55 +0100},
	biburl       = {https://dblp.org/rec/journals/ml/AuerCF02.bib},
	bibsource    = {dblp computer science bibliography, https://dblp.org}
}

@article{j18,
	author       = {Peter Auer and
	Nicol{\`{o}} Cesa{-}Bianchi and
	Yoav Freund and
	Robert E. Schapire},
	title        = {The Nonstochastic Multiarmed Bandit Problem},
	journal      = {{SIAM} J. Comput.},
	volume       = {32},
	number       = {1},
	pages        = {48--77},
	year         = {2002},
	url          = {https://doi.org/10.1137/S0097539701398375},
	doi          = {10.1137/S0097539701398375},
	timestamp    = {Wed, 14 Nov 2018 10:45:07 +0100},
	biburl       = {https://dblp.org/rec/journals/siamcomp/AuerCFS02.bib},
	bibsource    = {dblp computer science bibliography, https://dblp.org}
}

@article{original,
	author       = {Peter Auer and
	Nicol{\`{o}} Cesa{-}Bianchi and
	Yoav Freund and
	Robert E. Schapire},
	title        = {Gambling in a rigged casino: The adversarial multi-armed bandit problem},
	journal      = {Electron. Colloquium Comput. Complex.},
	volume       = {{TR00-068}},
	year         = {2000},
	url          = {https://eccc.weizmann.ac.il/eccc-reports/2000/TR00-068/index.html},
	eprinttype    = {ECCC},
	eprint       = {TR00-068},
	timestamp    = {Wed, 28 Sep 2022 15:27:24 +0200},
	biburl       = {https://dblp.org/rec/journals/eccc/ECCC-TR00-068.bib},
	bibsource    = {dblp computer science bibliography, https://dblp.org}
}
	
@article{pmlr-v15-beygelzimer11a,
	author       = {Alina Beygelzimer and
	John Langford and
	Lihong Li and
	Lev Reyzin and
	Robert E. Schapire},
	title        = {An Optimal High Probability Algorithm for the Contextual Bandit Problem},
	journal      = {CoRR},
	volume       = {abs/1002.4058},
	year         = {2010},
	url          = {http://arxiv.org/abs/1002.4058},
	eprinttype    = {arXiv},
	eprint       = {1002.4058},
	timestamp    = {Mon, 13 Aug 2018 16:47:14 +0200},
	biburl       = {https://dblp.org/rec/journals/corr/abs-1002-4058.bib},
	bibsource    = {dblp computer science bibliography, https://dblp.org}
}
	
@article{neu,
	author       = {Gergely Neu},
	title        = {Explore no more: improved high-probability regret bounds for non-stochastic
	bandits},
	journal      = {CoRR},
	volume       = {abs/1506.03271},
	year         = {2015},
	url          = {http://arxiv.org/abs/1506.03271},
	eprinttype    = {arXiv},
	eprint       = {1506.03271},
	timestamp    = {Mon, 13 Aug 2018 16:48:44 +0200},
	biburl       = {https://dblp.org/rec/journals/corr/Neu15a.bib},
	bibsource    = {dblp computer science bibliography, https://dblp.org}
}

@article{guptakoren,
	author       = {Anupam Gupta and
	Tomer Koren and
	Kunal Talwar},
	title        = {Better Algorithms for Stochastic Bandits with Adversarial Corruptions},
	journal      = {CoRR},
	volume       = {abs/1902.08647},
	year         = {2019},
	url          = {http://arxiv.org/abs/1902.08647},
	eprinttype    = {arXiv},
	eprint       = {1902.08647},
	timestamp    = {Wed, 18 Aug 2021 17:14:17 +0200},
	biburl       = {https://dblp.org/rec/journals/corr/abs-1902-08647.bib},
	bibsource    = {dblp computer science bibliography, https://dblp.org}
}

@article{alts,
	author       = {Jason M. Altschuler and
	Victor{-}Emmanuel Brunel and
	Alan Malek},
	title        = {Best Arm Identification for Contaminated Bandits},
	journal      = {CoRR},
	volume       = {abs/1802.09514},
	year         = {2018},
	url          = {http://arxiv.org/abs/1802.09514},
	eprinttype    = {arXiv},
	eprint       = {1802.09514},
	timestamp    = {Wed, 27 Apr 2022 20:27:47 +0200},
	biburl       = {https://dblp.org/rec/journals/corr/abs-1802-09514.bib},
	bibsource    = {dblp computer science bibliography, https://dblp.org}
}

@article{Kapoor,
	author       = {Sayash Kapoor and
	Kumar Kshitij Patel and
	Purushottam Kar},
	title        = {Corruption-tolerant bandit learning},
	journal      = {Mach. Learn.},
	volume       = {108},
	number       = {4},
	pages        = {687--715},
	year         = {2019},
	url          = {https://doi.org/10.1007/s10994-018-5758-5},
	doi          = {10.1007/s10994-018-5758-5},
	timestamp    = {Mon, 02 Mar 2020 16:29:50 +0100},
	biburl       = {https://dblp.org/rec/journals/ml/KapoorPK19.bib},
	bibsource    = {dblp computer science bibliography, https://dblp.org}
}

@inproceedings{jun,
	author       = {Kwang{-}Sung Jun and
	Lihong Li and
	Yuzhe Ma and
	Xiaojin (Jerry) Zhu},
	editor       = {Samy Bengio and
	Hanna M. Wallach and
	Hugo Larochelle and
	Kristen Grauman and
	Nicol{\`{o}} Cesa{-}Bianchi and
	Roman Garnett},
	title        = {Adversarial Attacks on Stochastic Bandits},
	booktitle    = {Advances in Neural Information Processing Systems 31: Annual Conference
	on Neural Information Processing Systems 2018, NeurIPS 2018, December
	3-8, 2018, Montr{\'{e}}al, Canada},
	pages        = {3644--3653},
	year         = {2018},
	url          = {https://proceedings.neurips.cc/paper/2018/hash/85f007f8c50dd25f5a45fca73cad64bd-Abstract.html},
	timestamp    = {Mon, 16 May 2022 15:41:51 +0200},
	biburl       = {https://dblp.org/rec/conf/nips/Jun0MZ18.bib},
	bibsource    = {dblp computer science bibliography, https://dblp.org}
}

@inproceedings{seb,
	author       = {S{\'{e}}bastien Bubeck and
	Aleksandrs Slivkins},
	editor       = {Shie Mannor and
	Nathan Srebro and
	Robert C. Williamson},
	title        = {The Best of Both Worlds: Stochastic and Adversarial Bandits},
	booktitle    = {{COLT} 2012 - The 25th Annual Conference on Learning Theory, June
	25-27, 2012, Edinburgh, Scotland},
	series       = {{JMLR} Proceedings},
	volume       = {23},
	pages        = {42.1--42.23},
	publisher    = {JMLR.org},
	year         = {2012},
	url          = {http://proceedings.mlr.press/v23/bubeck12b/bubeck12b.pdf},
	timestamp    = {Wed, 29 May 2019 08:41:48 +0200},
	biburl       = {https://dblp.org/rec/journals/jmlr/BubeckS12.bib},
	bibsource    = {dblp computer science bibliography, https://dblp.org}
}

@inproceedings{dekel,
	author       = {Ofer Dekel and
	Ambuj Tewari and
	Raman Arora},
	title        = {Online Bandit Learning against an Adaptive Adversary: from Regret
	to Policy Regret},
	booktitle    = {Proceedings of the 29th International Conference on Machine Learning,
	{ICML} 2012, Edinburgh, Scotland, UK, June 26 - July 1, 2012},
	publisher    = {icml.cc / Omnipress},
	year         = {2012},
	url          = {http://icml.cc/2012/papers/749.pdf},
	timestamp    = {Wed, 03 Apr 2019 17:43:35 +0200},
	biburl       = {https://dblp.org/rec/conf/icml/DekelTA12.bib},
	bibsource    = {dblp computer science bibliography, https://dblp.org}
}

@inproceedings{mannor,
	author       = {Shie Mannor and
	Ohad Shamir},
	editor       = {John Shawe{-}Taylor and
	Richard S. Zemel and
	Peter L. Bartlett and
	Fernando C. N. Pereira and
	Kilian Q. Weinberger},
	title        = {From Bandits to Experts: On the Value of Side-Observations},
	booktitle    = {Advances in Neural Information Processing Systems 24: 25th Annual
	Conference on Neural Information Processing Systems 2011. Proceedings
	of a meeting held 12-14 December 2011, Granada, Spain},
	pages        = {684--692},
	year         = {2011},
	url          = {https://proceedings.neurips.cc/paper/2011/hash/e1e32e235eee1f970470a3a6658dfdd5-Abstract.html},
	timestamp    = {Mon, 16 May 2022 15:41:51 +0200},
	biburl       = {https://dblp.org/rec/conf/nips/MannorS11.bib},
	bibsource    = {dblp computer science bibliography, https://dblp.org}
}

@inproceedings{alon,
	author       = {Noga Alon and
	Nicol{\`{o}} Cesa{-}Bianchi and
	Claudio Gentile and
	Yishay Mansour},
	editor       = {Christopher J. C. Burges and
	L{\'{e}}on Bottou and
	Zoubin Ghahramani and
	Kilian Q. Weinberger},
	title        = {From Bandits to Experts: {A} Tale of Domination and Independence},
	booktitle    = {Advances in Neural Information Processing Systems 26: 27th Annual
	Conference on Neural Information Processing Systems 2013. Proceedings
	of a meeting held December 5-8, 2013, Lake Tahoe, Nevada, United States},
	pages        = {1610--1618},
	year         = {2013},
	url          = {https://proceedings.neurips.cc/paper/2013/hash/9e3cfc48eccf81a0d57663e129aef3cb-Abstract.html},
	timestamp    = {Mon, 16 May 2022 15:41:51 +0200},
	biburl       = {https://dblp.org/rec/conf/nips/AlonCGM13.bib},
	bibsource    = {dblp computer science bibliography, https://dblp.org}
}